@book{jechSet,
  title     = {Set theory: The third millennium edition, revised and expanded},
  author    = {Jech, Thomas and Jech, Thomas},
  volume    = {3},
  year      = {2006},
  publisher = {Springer}
}

@book{kunenSet,
  title     = {Set theory an introduction to independence proofs},
  author    = {Kunen, Kenneth},
  volume    = {102},
  year      = {1980},
  publisher = {Elsevier}
}

@book{kunenHandbook,
  title     = {Handbook of set-theoretic topology},
  author    = {Kunen, Kenneth and Vaughan, Jerry},
  year      = {1984},
  publisher = {Elsevier}
}

@phdthesis{GeorginaTesis,
  title  = {Algunas propiedades de los espacios de Mr{\'o}wka},
  author = {Noriko, Georgina},
  year   = 2009,
  school = {Facultad de Ciencias, UNAM},
  type   = {Tesis de Licenciatura}
}

@article{SierpinskiCardinal,
  title   = {Cardinal and ordinal numbers},
  author  = {Sierpinski, Waclaw},
  journal = {Polska Akademia Nauk, Monografie Matematyczne},
  volume  = {34},
  year    = {1958}
}

@article{SimonFrechet,
  title     = {A compact Fr{\'e}chet space whose square is not Fr{\'e}chet},
  author    = {Simon, Petr},
  journal   = {Commentationes Mathematicae Universitatis Carolinae},
  year      = {1980},
  publisher = {Charles University in Prague, Faculty of Mathematics and Physics}
}

@inproceedings{kannanHereditarily,
  title        = {Hereditarily locally compact separable spaces},
  author       = {Kannan, Varadachariar and Rajagopalan, Minakshisundaram},
  booktitle    = {Categorical Topology: Proceedings of the International Conference, Berlin},
  pages        = {185-195},
  year         = {1979},
  organization = {Springer}
}

@inproceedings{hruMrowka,
  title        = {Topology of Mr{\'o}wka-Isbell Spaces},
  author       = {Hru{\v{s}}{\'a}k, Michael and Hern{\'a}ndez, Fernando},
  booktitle    = {Pseudocompact topological spaces, Gainesville},
  pages        = {253-289},
  year         = {2018},
  organization = {Springer}
}

@article{jonesCM,
  title  = {Concerning normal and completely normal spaces},
  author = {Jones, F Burton},
  year   = {1937}
}

@book{kuratowskiTopology,
  title     = {Topology: Volume I},
  author    = {Kuratowski, Kazimierz},
  volume    = {1},
  year      = {1966},
  publisher = {Elsevier}
}

@incollection{hruAlmost,
  title     = {Almost disjoint families and topology},
  author    = {Hru{\v{s}}{\'a}k, Michael},
  booktitle = {Recent Progress in General Topology III},
  pages     = {601--638},
  year      = {2013},
  publisher = {Springer}
}

@phdthesis{tallTesis,
  title  = {Set-theoretic consistency results and topological theorems concerning thenormal Moore space conjecture and related problems},
  author = {Tall, Franklin David},
  year   = {1969},
  school = {The University of Wisconsin-Madison},
  type   = {Tesis Doctoral}
}

@book{fidelElementos,
  title     = {Elementos de Topolog{\'\i}a General},
  author    = {Casarrubias, Fidel and Tamariz, Angel},
  year      = {2019},
  edition   = {1},
  publisher = {Aportaciones Matem{\'a}ticas}
}

@article{nyikosMoore,
  title   = {A provisional solution to the normal Moore space problem},
  author  = {Nyikos, Peter J},
  journal = {Proceedings of the American Mathematical Society},
  volume  = {78},
  number  = {3},
  year    = {1980}
}

@book{amorIntermedio,
  title     = {Teor{\'\i}a de los conjuntos, Curso intermedio},
  author    = {Monta{\~n}o, Jos{\'e} Alfredo Amor and Arena, Gabriela Campero and Perea, Favio Ezequiel Miranda},
  publisher = {Las prensas de Ciencias},
  year      = {2011}
}

@book{munkresTopology,
  author    = {Munkres, James R.},
  title     = {Topology},
  publisher = {Pearson},
  year      = {2000},
  address   = {Noida},
  edition   = {2}
}